<record xmlns="http://www.loc.gov/MARC21/slim" xmlns:xsi="http://www.w3.org/2001/XMLSchema-instance" xsi:schemaLocation="http://www.loc.gov/MARC21/slim http://www.loc.gov/standards/marcxml/schema/MARC21slim.xsd"><leader>02082nam a2200421   4500</leader><controlfield tag="001">3071447</controlfield><controlfield tag="003">NNC</controlfield><controlfield tag="006">m        d        </controlfield><controlfield tag="007">cr cn |||m|||a</controlfield><controlfield tag="008">150223s1965    iq      ob    000 0 arard</controlfield><datafield ind1=" " ind2=" " tag="040"><subfield code="a">NNU</subfield><subfield code="b">eng</subfield><subfield code="e">rda</subfield><subfield code="c">NNU</subfield></datafield><datafield ind1=" " ind2=" " tag="043"><subfield code="a">a-iq---</subfield><subfield code="a">a-sy---</subfield></datafield><datafield ind1="0" ind2="4" tag="050"><subfield code="a">DS76</subfield><subfield code="b">.R35</subfield></datafield><datafield ind1="1" ind2=" " tag="100"><subfield code="6">880-01</subfield><subfield code="a">Ra&#772;wi&#772;, Tha&#772;bit Isma&#772;&#699;i&#772;l.</subfield></datafield><datafield ind1="1" ind2="4" tag="245"><subfield code="6">880-02</subfield><subfield code="a">al-&#699;Ira&#772;q fi&#772; al-&#699;as&#803;r al-Umawi&#772; :</subfield><subfield code="b">min al-na&#772;h&#803;iyat al-siya&#772;si&#772;yah wa-al-ida&#772;ri&#772;yah wa-al-ijtima&#772;&#699;i&#772;yah /</subfield><subfield code="c">[ta&#700;li&#772;f] Tha&#772;bit Isma&#772;&#699;i&#772;l al-Ra&#772;wi&#772;.</subfield></datafield><datafield ind1="1" ind2="4" tag="246"><subfield code="a">Iraq in the Umayyad period, political, social and adminisral [sic] aspects</subfield></datafield><datafield ind1=" " ind2=" " tag="250"><subfield code="6">880-03</subfield><subfield code="a">al-T&#803;ab&#699;ah 1.</subfield></datafield><datafield ind1=" " ind2=" " tag="260"><subfield code="6">880-04</subfield><subfield code="a">Baghda&#772;d :</subfield><subfield code="b">Maktabat al-Nahd&#803;ah,</subfield><subfield code="c">[1965]</subfield></datafield><datafield ind1=" " ind2=" " tag="300"><subfield code="a">online resource (288 pages)</subfield></datafield><datafield ind1=" " ind2=" " tag="336"><subfield code="a">text</subfield><subfield code="2">rdacontent</subfield></datafield><datafield ind1=" " ind2=" " tag="337"><subfield code="a">computer</subfield><subfield code="2">rdamedia</subfield></datafield><datafield ind1=" " ind2=" " tag="338"><subfield code="a">online resource</subfield><subfield code="2">rdacarrier</subfield></datafield><datafield ind1=" " ind2=" " tag="500"><subfield code="a">Part of the Arabic Collections Online (ACO) project, contributed by Columbia University Libraries.</subfield></datafield><datafield ind1=" " ind2=" " tag="504"><subfield code="a">Includes bibliographical references (pages 281-285).</subfield></datafield><datafield ind1=" " ind2=" " tag="533"><subfield code="a">Electronic reproduction.</subfield><subfield code="b">New York, N.Y. :</subfield><subfield code="c">New York University,</subfield><subfield code="d">2015.</subfield><subfield code="5">NNU</subfield></datafield><datafield ind1=" " ind2="0" tag="651"><subfield code="a">Iraq</subfield><subfield code="x">History.</subfield></datafield><datafield ind1=" " ind2="7" tag="651"><subfield code="a">Iraq.</subfield><subfield code="2">fast</subfield><subfield code="0">(OCoLC)fst01205757</subfield></datafield><datafield ind1=" " ind2="7" tag="655"><subfield code="a">History.</subfield><subfield code="2">fast</subfield><subfield code="0">(OCoLC)fst01411628</subfield></datafield><datafield ind1="2" ind2=" " tag="710"><subfield code="a">Columbia University.</subfield><subfield code="b">Libraries.</subfield></datafield><datafield ind1="0" ind2=" " tag="730"><subfield code="a">Arabic Collections Online.</subfield></datafield><datafield ind1="0" ind2="8" tag="776"><subfield code="i">Print version:</subfield><subfield code="a">Ra&#772;wi&#772;, Tha&#772;bit Isma&#772;&#699;i&#772;l.</subfield><subfield code="t">al-&#699;Ira&#772;q fi&#772; al-&#699;as&#803;r al-Umawi&#772;</subfield><subfield code="w">(NNC)3071447</subfield><subfield code="w">(DLC)ne 65002589 </subfield><subfield code="w">(OCoLC)14927796</subfield></datafield><datafield ind1="4" ind2="0" tag="856"><subfield code="u">http://hdl.handle.net/2333.1/ns1rnbkt</subfield></datafield><datafield ind1="1" ind2=" " tag="880"><subfield code="6">100-01</subfield><subfield code="a">&#1585;&#1575;&#1608;&#1610;&#1548; &#1579;&#1575;&#1576;&#1578; &#1573;&#1587;&#1605;&#1575;&#1593;&#1610;&#1604;.</subfield></datafield><datafield ind1="1" ind2="2" tag="880"><subfield code="6">245-02</subfield><subfield code="a">&#1575;&#1604;&#1593;&#1585;&#1575;&#1602; &#1601;&#1610; &#1575;&#1604;&#1593;&#1589;&#1585; &#1575;&#1604;&#1575;&#1605;&#1608;&#1610; :</subfield><subfield code="b">&#1605;&#1606; &#1575;&#1604;&#1606;&#1575;&#1581;&#1610;&#1577; &#1575;&#1604;&#1587;&#1610;&#1575;&#1587;&#1610;&#1577; &#1608;&#1575;&#1604;&#1575;&#1583;&#1575;&#1585;&#1610;&#1577; &#1608;&#1575;&#1604;&#1575;&#1580;&#1578;&#1605;&#1575;&#1593;&#1610;&#1577; /</subfield><subfield code="c">[&#1578;&#1571;&#1604;&#1610;&#1601;] &#1579;&#1575;&#1576;&#1578; &#1575;&#1587;&#1605;&#1575;&#1593;&#1610;&#1604; &#1575;&#1604;&#1585;&#1575;&#1608;&#1610;.</subfield></datafield><datafield ind1=" " ind2=" " tag="880"><subfield code="6">250-03</subfield><subfield code="a">&#1575;&#1604;&#1591;&#1576;&#1593;&#1577; 1.</subfield></datafield><datafield ind1=" " ind2=" " tag="880"><subfield code="6">260-04</subfield><subfield code="a">&#1576;&#1594;&#1583;&#1575;&#1583; :</subfield><subfield code="b">&#1605;&#1603;&#1578;&#1576;&#1577; &#1575;&#1604;&#1606;&#1607;&#1590;&#1577;&#1548;</subfield><subfield code="c">[1965]</subfield></datafield><datafield ind1=" " ind2=" " tag="959"><subfield code="a">NNU</subfield><subfield code="b">WEB</subfield><subfield code="c">GENI</subfield><subfield code="t">0</subfield><subfield code="m">Electronic access</subfield><subfield code="s">01</subfield></datafield><datafield ind1=" " ind2=" " tag="999"><subfield code="i">NNC_3071447</subfield><subfield code="o">(OCoLC)14927796</subfield><subfield code="e">OK</subfield><subfield code="s">columbia_aco000123</subfield></datafield></record>